<?xml version="1.0" encoding="UTF-8"?><record xmlns="http://www.loc.gov/MARC21/slim" xmlns:cinclude="http://apache.org/cocoon/include/1.0" xmlns:zs="http://www.loc.gov/zing/srw/">
  <leader>00864cz  a2200193n  4500</leader>
  <controlfield tag="001">no2002061917</controlfield>
  <controlfield tag="003">DLC</controlfield>
  <controlfield tag="005">20120301075928.0</controlfield>
  <controlfield tag="008">020712n| acannaabn          |a aaa      </controlfield>
  <datafield tag="010" ind1=" " ind2=" ">
    <subfield code="a">no2002061917</subfield>
  </datafield>
  <datafield tag="035" ind1=" " ind2=" ">
    <subfield code="a">(OCoLC)oca05808731</subfield>
  </datafield>
  <datafield tag="040" ind1=" " ind2=" ">
    <subfield code="a">DLC-ON</subfield>
    <subfield code="b">eng</subfield>
    <subfield code="c">DLC-ON</subfield>
    <subfield code="d">OCoLC</subfield>
  </datafield>
  <datafield tag="100" ind1="1" ind2=" ">
    <subfield code="a">Gauḍ, Guḍikāḍi Ānjanēyulu,</subfield>
    <subfield code="d">1972-</subfield>
  </datafield>
  <datafield tag="400" ind1="1" ind2=" ">
    <subfield code="a">Ānjanēyulu Gauḍ, Guḍikāḍi,</subfield>
    <subfield code="d">1972-</subfield>
  </datafield>
  <datafield tag="400" ind1="0" ind2=" ">
    <subfield code="a">Guḍikāḍi Ānjanēyulu Gauḍ,</subfield>
    <subfield code="d">1972-</subfield>
  </datafield>
  <datafield tag="400" ind1="1" ind2=" ">
    <subfield code="a">Goud, Gudikadi Anjaneyulu,</subfield>
    <subfield code="d">1972-</subfield>
  </datafield>
  <datafield tag="400" ind1="1" ind2=" ">
    <subfield code="a">Anjaneyulu Goud, Gudikadi,</subfield>
    <subfield code="d">1972-</subfield>
  </datafield>
  <datafield tag="400" ind1="0" ind2=" ">
    <subfield code="a">Gudikadi Anjaneyulu Goud,</subfield>
    <subfield code="d">1972-</subfield>
  </datafield>
  <datafield tag="670" ind1=" " ind2=" ">
    <subfield code="a">Gauḍa purāṇaṃ, 2001:</subfield>
    <subfield code="b">t.p. (Guḍikāḍi Ānjanēyulu Gauḍ) t.p. verso (Gudikadi Anjaneyulu Goud) p. 4 of cover (b. 10 Dec. 1972; M.Phil. fr. Poṭṭi Śrīrāmulu Telugu Viśvavidyālayaṃ; Ph.D. fr. Usmāniyā Viśvavidyālayaṃ)</subfield>
  </datafield>
</record>